@article{einstein,
  author =       "Albert Einstein",
  title =        "{Zur Elektrodynamik bewegter K{\"o}rper}. ({German})
                 [{On} the electrodynamics of moving bodies]",
  journal =      "Annalen der Physik",
  volume =       "322",
  number =       "10",
  pages =        "891--921",
  year =         "1905",
  DOI =          "http://dx.doi.org/10.1002/andp.19053221004"
}

@book{latexcompanion,
    author    = "Michel Goossens and Frank Mittelbach and Alexander Samarin",
    title     = "The \LaTeX\ Companion",
    year      = "1993",
    publisher = "Addison-Wesley",
    address   = "Reading, Massachusetts"
}
 
@misc{knuthwebsite,
    author    = "Donald Knuth",
    title     = "Knuth: Computers and Typesetting",
    url       = "http://www-cs-faculty.stanford.edu/\~{}uno/abcde.html"
}


@online{NumOfCases,
  author = {World Health Organization},
  title = {Ebola data and statistics},
  year = 2015,
  url = {http://apps.who.int/gho/data/node.ebola-sitrep},
  urldate = {2015-02-04}
}


@online{Ebolavirusdisease,
  author = {World Health Organization},
  title = {Ebola virus disease},
  year = 2014,
  url = {http://www.who.int/mediacentre/factsheets/fs103/en/},
  urldate = {2014-09}
}


@Book{LeastDevelopedCountry,
 author = {},
 title = {Handbook on the least developed country category : inclusion, graduation, and special support measures},
 publisher = {United Nations},
 year = {2008},
 address = {New York},
 isbn = {978-92-1-104574-1}
 }
 
 
 @online{Ebolavirus,
  author = {},
  title = {Proposal for a revised taxonomy of the family Filoviridae: classification, names of taxa and viruses, and virus abbreviations},
  year = 2010,
  url = {http://www.ncbi.nlm.nih.gov/pmc/articles/PMC3074192/},
  urldate = {}
}


@online{FirstOutbreak,
  author = {},
  title = {Clinical aspects of Ebola virus disease at the Ngaliema hospital, Kinshasa, Zaire, 1976},
  year = 2000,
  url = {http://www.itg.be/internet/ebola/ebola-12.htm},
  urldate = {}
}


 
@book{singh2014viral,
  Author = {Singh, Sunit},
  Title = {Viral Hemorrhagic Fevers},
  Publisher = {CRC Press},
  Year = {2013},
  ISBN = {1439884293},
  URL = {http://www.amazon.com/Viral-Hemorrhagic-Fevers-Sunit-Singh/dp/1439884293%3FSubscriptionId%3D0JYN1NVW651KCA56C102%26tag%3Dtechkie-20%26linkCode%3Dxm2%26camp%3D2025%26creative%3D165953%26creativeASIN%3D1439884293}
}

@online{GuidanceforSafeHandling,
  author = {Centers for Disease Control and Prevention},
  title = {Guidance for Safe Handling of Human Remains of Ebola Patients in U. S. Hospitals and Mortuaries},
  year = 2014,
  url = {http://www.cdc.gov/vhf/ebola/healthcare-us/hospitals/handling-human-remains.html},
  urldate = {}
}


@online{Sitrep,
  author = {World Health Organization},
  title = {Ebola Situation Report - 4 February 2015},
  year = 2015,
  url = {http://apps.who.int/ebola/en/ebola-situation-report/situation-reports/ebola-situation-report-4-february-2015},
  urldate = {2015-02-04}
}

@Manual{libspatialSEIR,
  title = {spatialSEIR: An framework for fitting Bayesian spatial SEIR epidemic models using OpenCL.},
  author = {Grant Brown},
  year = {2014},
  note = {R package version 0.01},
}

@article{besag1993spatial,
  title={Spatial statistics and Bayesian computation},
  author={Besag, Julian and Green, Peter J},
  journal={Journal of the Royal Statistical Society. Series B (Methodological)},
  pages={25--37},
  year={1993},
  publisher={JSTOR}
}

@URL {whositrep,
    author = "World Health Organization",
    url = {http://apps.who.int/ebola/en/ebola-situation-report/},
    year   = "2014"
}

@Manual{Rlang,
    title = {R: A Language and Environment for Statistical Computing},
    author = {{R Core Team}},
    organization = {R Foundation for Statistical Computing},
    address = {Vienna, Austria},
    year = {2014},
    url = {http://www.R-project.org/},
  }
  
  @URL {citypop,
    author = "Thomas Brinkhoff",
    title = "City Population"
    url = {http://www.citypopulation.de},
    year   = "2014"
}

  @URL {guinea,
    author = "Institut National de la Statistique de Guin√©e",
}  
@URL {liberia,
    author = "Liberia Institute of Statistics \& Geo Information Services",
}
  @URL {sierraleone,
    author = "Statistics Sierra Leone",
}